@INPROCEEDINGS{9435580,
  author={Bastos, Daniel and Monteiro, Paulo P. and Oliveira, Arnaldo S. R. and Drummond, Miguel V.},
  booktitle={2021 Telecoms Conference (ConfTELE)}, 
  title={An Overview of LiDAR Requirements and Techniques for Autonomous Driving}, 
  year={2021},
  volume={},
  number={},
  pages={1-6},
  keywords={Laser radar;Power demand;Sensor systems;Telecommunications;Optical transmitters;Task analysis;Autonomous vehicles;LiDAR;autonomous driving},
  doi={10.1109/ConfTELE50222.2021.9435580}}
