@article{Sachak,
author = {Pe'eri, Shachak and Long, Bernard},
year = {2011},
month = {03},
pages = {1-5},
title = {LIDAR Technology Applied in Coastal Studies and Management},
volume = {62},
journal = {Journal of Coastal Research},
doi = {10.2307/29783130}
}