@article{Annalisa,
author = {Reina, Giulio and Milella, Annalisa and Worst, Rainer},
year = {2015},
month = {06},
pages = {1-19},
title = {LIDAR and stereo combination for traversability assessment of off-road robotic vehicles},
volume = {-1},
journal = {Robotica},
doi = {10.1017/S0263574715000442}
}