@article{lidarschematic,
author = {Choi, Hyun and Park, No-Cheol and Kim, Wan-Chin},
year = {2020},
month = {01},
pages = {},
title = {Optical system design for light detection and ranging with ultra-wide field-of-view using liquid lenses},
volume = {26},
journal = {Microsystem Technologies},
doi = {10.1007/s00542-019-04490-4}
}