@misc{voyageIntroductionLIDAR,
	author = {Oliver Cameron},
	title = {{A}n {I}ntroduction to {L}{I}{D}{A}{R}: {T}he {K}ey {S}elf-{D}riving {C}ar {S}ensor --- news.voyage.auto},
	howpublished = {\url{https://news.voyage.auto/an-introduction-to-lidar-the-key-self-driving-car-sensor-a7e405590cff}},
	year = {},
	note = {[Accessed 26-01-2025]},
}