@INPROCEEDINGS{10192716,
  author={Tummala, Manoj and A, Pravin.},
  booktitle={2023 8th International Conference on Communication and Electronics Systems (ICCES)}, 
  title={LiDAR Sensor for Self-Driving Cars}, 
  year={2023},
  volume={},
  number={},
  pages={59-65},
  keywords={Radar remote sensing;Laser radar;Three-dimensional displays;Sensor fusion;Cameras;Time measurement;Sensors;Light Detection and Ranging;Camera;Computer Vision;autonomous vehicles;Arduino},
  doi={10.1109/ICCES57224.2023.10192716}}
