@INPROCEEDINGS{7866543,
  author={Wu, Qiao and Sun, Kai and Zhang, Wenjun and Huang, Chaobing and Wu, Xiaochun},
  booktitle={2016 IEEE International Conference on Robotics and Biomimetics (ROBIO)}, 
  title={Visual and LiDAR-based for the mobile 3D mapping}, 
  year={2016},
  volume={},
  number={},
  pages={1522-1527},
  keywords={Three-dimensional displays;Simultaneous localization and mapping;Laser radar;Two dimensional displays;Cameras;Calibration},
  doi={10.1109/ROBIO.2016.7866543}}
