@ARTICLE{10167652,
  author={Canedo, Daniel and Fonte, João and Seco, Luis Gonçalves and Vázquez, Marta and Dias, Rita and Pereiro, Tiago Do and Hipólito, João and Menéndez-Marsh, Fernando and Georgieva, Petia and Neves, António J. R.},
  journal={IEEE Access}, 
  title={Uncovering Archaeological Sites in Airborne LiDAR Data With Data-Centric Artificial Intelligence}, 
  year={2023},
  volume={11},
  number={},
  pages={65608-65619},
  keywords={Laser radar;Proposals;Artificial intelligence;Annotations;Vegetation mapping;Data augmentation;Image segmentation;Archeology;Data models;Ranking (statistics);Location awareness;Object detection;Archaeology;data-centric artificial intelligence;data augmentation;deep learning;LiDAR;location-based ranking;object detection},
  doi={10.1109/ACCESS.2023.3290305}}
