@unknown{Meaka,
author = {Meaka, Deside and Vokain, Tracey},
year = {2023},
month = {09},
pages = {},
title = {LiDAR Technology in Underground Mining Research Topic in the Course -Mining Technology (MN223) A project report By DESIDE MEAKA},
doi = {10.13140/RG.2.2.25025.53608}
}